1852 3084
234 104 288 145 32
646 92 920 133 HORATII
966 92 1349 135 SATIRARUM

237 207 348 247 Rem
382 207 514 260 patris
545 207 764 256 oblimare,
798 207 960 247 malum
992 213 1057 247 est
1089 207 1348 259 ubicunque.
1412 207 1531 261 Quid
1566 208 1677 248 inter

238 275 318 314 Est
352 276 392 314 in
426 282 633 324 matrona,
665 275 830 324 ancilla,
863 288 1070 328 peccesne
1102 275 1284 328 togata?

236 343 391 383 Villius
424 344 465 383 in
500 344 660 384 Fausta
694 343 841 384 Sullae
872 357 1014 397 gener,
1047 345 1130 384 hoc
1164 344 1292 383 miser
1324 356 1411 383 uno

238 412 427 452 Nomine
459 413 677 465 deceptus,
710 426 872 465 poenas
903 412 1024 452 dedit
1056 425 1192 464 usque
1225 425 1439 464 superque
1716 418 1756 459 65

238 480 383 532 Quam
417 482 520 521 satis
552 488 628 530 est,
660 481 814 534 pugnis
846 494 995 521 caesus
1025 481 1223 532 ferroque
1255 481 1428 533 petitus,

241 549 459 589 Exclusus
491 550 580 590 fore
612 563 708 590 cum
742 550 1026 602 Longarenus
1057 549 1166 589 foret
1199 549 1326 589 intus.

239 617 355 657 Huic
387 619 420 657 si
454 618 643 658 mutonis
674 618 814 658 verbis
846 618 961 658 mala
994 623 1118 657 tanta
1148 617 1336 657 videntis

238 686 414 726 Diceret
445 686 550 726 haec
582 688 778 727 animus:
811 686 951 739 ‘Quid
983 687 1046 726 vis
1077 686 1186 726 tibi?
1230 685 1442 738 numquid
1475 699 1557 738 ego
1589 699 1614 725 a
1646 691 1689 726 te

241 754 405 806 Magno
437 762 698 808 prognatum
730 757 921 807 deposco
954 754 1130 795 consule
1162 767 1354 794 cunnum
1716 769 1757 802 70

235 823 527 875 Velatumque
559 823 672 864 stola
705 838 800 864 mea
831 837 929 864 cum
961 823 1201 864 conferbuit
1235 823 1295 863 ira
1315 820 1354 863 '?

236 891 355 943 Quid
390 892 703 944 responderet?
763 895 771 911 ‘
792 892 955 944 Magno
988 899 1109 944 patre
1141 898 1243 931 nata
1275 890 1420 944 puella
1451 891 1541 931 est.¹

236 959 301 999 At
333 967 496 1012 quanto
530 960 708 1000 meliora
740 967 889 1001 monet
921 960 1248 1013 pugnantiaque
1280 960 1372 1000 istis

238 1028 373 1068 Dives
406 1029 502 1081 opis
533 1035 686 1069 natura
717 1042 831 1078 suae,
863 1036 910 1068 tu
943 1029 976 1068 si
1008 1029 1141 1069 modo
1174 1034 1290 1068 recte

237 1097 501 1149 Dispensare
532 1098 635 1137 velis
667 1111 716 1137 ac
750 1111 835 1137 non
867 1097 1070 1149 fugienda
1103 1097 1301 1150 petendis
1720 1112 1757 1145 75

237 1165 499 1205 Immiscere.
562 1165 661 1206 Tuo
692 1167 800 1206 vitio
832 1179 1032 1205 rerumne
1064 1165 1235 1205 labores

239 1234 311 1272 Nil
345 1234 499 1274 referre
530 1232 685 1287 putas?
747 1234 895 1286 Quare
926 1248 978 1273 ne
1010 1234 1232 1285 paeniteat
1264 1239 1308 1273 te

241 1302 401 1342 Desine
433 1309 654 1343 matronas
685 1303 898 1351 sectarier,
932 1303 1045 1342 unde
1078 1301 1238 1342 laboris

238 1370 339 1410 Plus
371 1371 540 1411 haurire
573 1371 673 1412 mali
698 1378 763 1412 est
795 1385 925 1423 quam
958 1385 1014 1410 ex
1047 1384 1092 1410 re
1125 1371 1356 1424 decerpere
1389 1369 1563 1410 fructus.

238 1440 332 1480 Nec
365 1440 501 1493 magis
532 1439 631 1481 huic
663 1441 774 1480 inter
804 1440 950 1480 niveos
982 1439 1227 1491 viridesque
1259 1438 1430 1492 lapillos
1717 1447 1758 1477 80

237 1506 323 1561 (Sit
357 1508 455 1548 licet
487 1508 580 1556 hoc,
613 1508 828 1556 Cerinthe‚
861 1506 1003 1562 tuum)
1035 1515 1232 1548 tenerum
1266 1514 1331 1548 est
1363 1507 1506 1547 femur
1537 1513 1613 1548 aut
1645 1520 1742 1548 crus

239 1577 430 1626 Rectius,
462 1584 591 1629 atque
623 1577 754 1617 etiam
787 1575 937 1617 melius
969 1590 1177 1629 persaepe
1208 1582 1386 1628 togatae
1418 1582 1496 1616 est.

237 1646 370 1686 Adde
402 1646 484 1686 huc
516 1646 633 1697 quod
667 1659 854 1686 mercem
887 1647 977 1685 sine
1008 1646 1114 1686 fucis
1140 1651 1294 1697 gestat,
1326 1650 1475 1697 aperte

238 1714 370 1767 Quod
402 1714 553 1754 venale
584 1714 717 1754 habet
748 1714 950 1763 ostendit,
983 1728 1060 1754 nec
1092 1714 1126 1754 si
1159 1713 1262 1765 quid
1295 1712 1466 1753 honesti
1500 1718 1566 1753 est

239 1784 380 1823 Iactat
412 1782 629 1834 habetque
661 1781 816 1835 palam,
848 1783 1016 1834 quaerit
1048 1796 1135 1835 quo
1167 1782 1310 1834 turpia
1341 1780 1463 1821 celet.
1717 1789 1757 1829 85

239 1852 436 1905 Regibus
467 1851 536 1892 hic
570 1865 664 1891 mos
696 1857 789 1891 est:
833 1851 906 1891 ubi
939 1864 1073 1903 equos
1107 1856 1351 1890 mercantur
1382 1855 1559 1903 opertos

241 1921 494 1974 Inspiciunt‚
528 1934 581 1960 ne
611 1921 645 1960 si
679 1919 810 1961 facies
842 1928 889 1960 ut
920 1934 1049 1972 saepe
1080 1920 1240 1960 decora

240 1990 365 2030 Molli
398 1989 505 2029 fulta
537 1989 648 2042 pede
680 1995 745 2029 est
777 1995 1020 2041 emptorem
1055 1989 1230 2029 inducat
1261 1988 1468 2036 hiantem,

238 2059 370 2111 Quod
403 2058 604 2111 pulchrae
636 2057 792 2106 clunes,
824 2058 953 2097 breve
985 2058 1103 2110 quod
1135 2063 1277 2111 caput,
1309 2057 1444 2097 ardua
1478 2055 1634 2097 cervix,

239 2128 340 2168 Hoc
373 2127 432 2166 illi
465 2132 605 2166 recte:
648 2140 702 2166 ne
733 2126 925 2178 corporis
956 2127 1124 2179 optima
1157 2126 1323 2179 Lyncei
1713 2141 1757 2173 90

239 2195 546 2247 Contemplere
577 2194 721 2243 oculis,
755 2194 965 2247 Hypsaea
997 2195 1163 2235 caecior
1194 2193 1267 2235 illa

238 2264 364 2316 Quae
397 2263 509 2304 mala
537 2270 636 2303 sunt
668 2270 849 2316 spectes.
913 2263 952 2304 O
985 2262 1108 2303 crus!
1141 2277 1167 2303 o
1199 2262 1402 2303 brachia!
1464 2262 1628 2302 Verum

241 2332 451 2385 Depugis,
483 2338 648 2379 nasuta,
681 2331 797 2371 brevi
830 2331 964 2371 latere
995 2345 1044 2372 ac
1077 2332 1188 2384 pede
1218 2330 1348 2384 longo
1381 2336 1460 2371 est.

240 2400 469 2441 Matronae
501 2406 671 2453 praeter
701 2399 853 2440 faciem
885 2399 942 2439 nil
975 2413 1145 2441 cernere
1177 2400 1327 2453 possis,

241 2469 408 2517 Cetera,
436 2470 476 2508 ni
511 2469 637 2510 Catia
670 2474 744 2516 est,
777 2469 964 2508 demissa
994 2474 1115 2508 veste
1146 2468 1345 2521 tegentis.
1714 2484 1754 2516 95

241 2536 287 2578 Si
320 2538 545 2577 interdicta
575 2543 707 2588 petes,
738 2536 853 2577 vallo
885 2537 1153 2577 circumdata
1185 2535 1303 2590 (nam
1335 2543 1380 2576 te

241 2606 343 2646 Hoc
373 2606 473 2645 facit
507 2603 734 2659 insanum),
768 2605 929 2645 multae
961 2605 1038 2645 tibi
1070 2611 1164 2644 tum
1196 2604 1384 2644 officient
1417 2617 1495 2651 res,

240 2673 468 2722 Custodes,
501 2673 662 2721 lectica,
694 2673 926 2723 ciniflones,
959 2674 1183 2726 parasitae‚

241 2742 316 2783 Ad
348 2741 460 2782 talos
491 2740 601 2781 stola
633 2742 821 2782 demissa
852 2748 895 2781 et
926 2742 1192 2782 circumdata
1224 2740 1350 2794 palla,

240 2810 430 2851 Plurima
461 2823 573 2863 quae
604 2810 823 2850 invideant
855 2823 960 2864 pure
991 2823 1198 2864 apparere
1230 2809 1308 2850 tibi
1338 2822 1443 2849 rem.
1691 2825 1754 2846 100
