1821 3089
605 120 720 161 LIB.
756 120 787 159 Ι.
850 118 983 160 SAT.
1018 131 1052 160 2.

72 238 235 291 Inguen
267 236 322 276 ad
354 235 620 275 obscoenum
652 232 878 273 subductis
911 245 1046 284 usque
1077 231 1269 279 facetus;

72 305 271 346 Pastillos
303 303 490 343 Rufillus
521 302 621 352 olet,
654 301 900 352 Gargonius
932 300 1111 340 hircum.

72 374 144 414 Nil
177 373 366 413 medium
403 378 481 412 est.
546 370 657 411 Sunt
689 369 762 422 qui
796 368 936 408 nolint
968 368 1162 420 tetigisse
1194 368 1273 408 nisi
1307 367 1400 408 illas

72 442 267 495 Quarum
300 441 481 480 subsuta
512 438 624 478 talos
654 444 774 490 tegat
808 437 956 477 instita
986 444 1136 486 veste;

74 510 236 551 Contra
266 509 373 548 alius
404 506 567 547 nullam
601 507 680 546 nisi
713 506 845 545 olenti
879 506 921 544 in
954 504 1113 545 fornice
1138 511 1339 545 stantem.

72 578 262 631 Quidam
295 583 424 617 notus
456 576 589 616 homo
622 588 719 615 cum
751 574 891 614 exiret
923 573 1092 621 fornice,
1126 578 1134 593 ⁶
1155 573 1302 614 Macte

72 647 244 687 Virtute
275 643 401 691 esto?2
429 644 567 696 inquit
599 643 813 684 sententia
844 642 916 681 dia
950 641 1143 690 Catonis,

74 714 216 755 ‘Nam
249 713 376 753 simul
409 726 457 753 ac
488 725 620 752 venas
652 711 819 751 inflavit
851 716 963 750 tetra
997 710 1130 750 libido

75 784 175 823 Huc
208 783 380 822 iuvenes
411 794 599 833 aequum
633 786 697 820 est
729 779 1003 825 descendere,
1035 791 1120 818 non
1154 777 1314 818 alienas

75 850 320 892 Permolere
351 847 534 889 uxores’
595 848 773 888 ‘Nolim
806 843 1044 894 laudarier‚’
1078 846 1229 899 inquit,

73 920 168 961 ‘Sic
200 918 292 966 me‚'
324 918 502 958 mirator
533 916 660 957 cunni
693 916 957 969 Cupiennius
990 914 1089 955 albi.

73 988 241 1029 Audire
272 993 337 1027 est
369 999 527 1039 operae
558 985 757 1038 pretium,
790 984 1025 1037 procedere
1058 989 1173 1023 recte

75 1057 160 1110 Qui
193 1055 383 1096 moechis
416 1068 501 1095 non
532 1054 678 1102 vultis,
710 1060 759 1094 ut
791 1053 911 1092 omni
944 1059 1067 1104 parte
1099 1052 1322 1097 laborent;

75 1126 224 1178 thue
257 1124 338 1177 illis
371 1123 510 1163 multo
542 1129 744 1174 corrupta
777 1121 927 1161 dolore
958 1120 1173 1174 voluptas,

74 1194 224 1247 Atque
254 1193 361 1233 haec
393 1206 487 1232 rara
518 1192 646 1232 cadat
678 1191 785 1230 dura
818 1191 929 1230 inter
961 1203 1091 1241 saepe
1122 1188 1293 1241 pericla.

76 1263 160 1303 Hic
191 1275 237 1302 se
268 1261 549 1315 praecipitem
582 1266 699 1300 tecto
731 1259 877 1308 dedit3
926 1258 995 1298 ille
1027 1256 1208 1310 flagellis

74 1332 149 1373 Ad
182 1337 368 1371 mortem
402 1343 578 1377 caesus;
619 1328 786 1381 fugiens
818 1326 887 1367 hic
919 1327 1081 1367 decidit
1112 1339 1256 1367 acrem

77 1401 348 1441 Praedonum
381 1398 422 1438 in
453 1398 654 1445 turbam3
696 1395 819 1435 dedit
850 1395 920 1435 hic
952 1409 1030 1447 pro
1062 1408 1242 1446 corpore
1274 1407 1501 1437 nummos;

76 1469 205 1510 Hunc
236 1468 562 1520 perminxerunt
595 1464 798 1513 calones;
840 1464 944 1516 quin
976 1464 1108 1504 etiam
1141 1463 1246 1503 illud

75 1537 262 1585 Accidit,
294 1542 340 1576 ut
372 1536 551 1588 quidam
584 1539 717 1573 testes
747 1533 1020 1585 caudamque
1051 1531 1240 1572 salacem

78 1607 330 1647 Demeteret
363 1603 488 1643 ferro.
551 1599 702 1642 ‘Iure’
734 1615 911 1650 omnes;
955 1600 1096 1641 Galba
1129 1601 1329 1653 negabat.

76 1675 231 1715 Tutior
262 1681 306 1714 at
338 1679 502 1726 quanto
535 1685 658 1711 merx
691 1677 755 1711 est
788 1672 829 1710 in
862 1670 997 1711 classe
1028 1670 1227 1718 secunda,

77 1743 396 1784 Libertinarum
430 1741 539 1789 dico,
574 1739 805 1781 Sallustius
838 1740 880 1778 in
912 1752 1020 1791 quas

78 1813 179 1853 Non
212 1812 353 1851 minus
384 1810 543 1850 insanit
574 1822 705 1862 quam
739 1808 812 1860 qui
846 1807 1113 1848 moechatur.
1175 1806 1240 1846 At
1271 1805 1340 1846 hic
1372 1805 1405 1845 si

79 1880 177 1934 Qua
208 1893 285 1928 res,
317 1893 403 1932 qua
435 1878 546 1919 ratio
578 1878 788 1925 suaderet,
820 1890 994 1929 quaque
1027 1875 1224 1915 modeste

80 1948 286 1989 Munifico
318 1961 409 1988 esse
442 1947 552 1995 licet,
583 1946 715 1987 vellet
748 1947 888 1986 bonus
919 1951 1052 1997 atque
1083 1945 1295 1997 benignus

80 2017 198 2066 Esse,
230 2018 353 2057 daret
384 2023 594 2069 quantum
627 2015 732 2055 satis
763 2021 875 2055 esset
906 2028 984 2054 nec
1015 2014 1096 2053 sibi
1128 2014 1291 2053 damno

80 2086 383 2138 Dedecorique
413 2085 535 2125 foret.
595 2084 760 2124 Verum
793 2083 876 2123 hoc
908 2096 953 2123 se
984 2081 1262 2134 amplectitur
1294 2093 1389 2127 uno,

81 2155 178 2196 Hoc
208 2161 326 2194 amat
359 2160 402 2194 et
434 2153 608 2193 laudat:
643 2157 651 2173 ⁴
672 2152 922 2192 Matronam
955 2150 1117 2190 nullam
1150 2163 1232 2202 ego
1263 2147 1423 2201 tango.’

82 2223 145 2264 Ut
176 2223 398 2275 quondam
426 2222 661 2269 Marsaeus,
693 2227 863 2260 amator
896 2219 1084 2272 Originis
1116 2217 1198 2265 ille,

81 2291 168 2344 Qui
198 2291 386 2344 patrium
420 2291 579 2330 mimae
610 2290 744 2329 donat
776 2288 1046 2340 fundumque
1078 2286 1310 2338 laremque,

82 2358 183 2398 ‘Nil
214 2359 339 2399 fuerit
371 2356 452 2407 mi,’
487 2358 636 2410 inquit,
669 2360 789 2398 ‘cum
823 2356 1034 2396 uxoribus
1067 2366 1255 2407 unquam
1288 2351 1463 2393 alienis.'

81 2427 243 2468 Verum
276 2433 341 2467 est
374 2440 471 2467 cum
505 2426 658 2475 mimis,
691 2431 756 2466 est
787 2438 884 2465 cum
919 2423 1226 2470 meretricibus,
1258 2423 1371 2461 uncle

83 2496 219 2536 Fama
252 2495 415 2536 malum
446 2495 616 2547 gravius
648 2507 780 2546 quam
813 2507 879 2533 res
911 2492 1057 2532 trahit.
1120 2490 1194 2530 An
1227 2490 1306 2530 tibi
1339 2488 1514 2529 abunde

85 2564 318 2604 Personam
351 2564 455 2603 satis
487 2569 562 2610 est,
594 2576 681 2602 non
714 2561 817 2602 illud
849 2560 1057 2613 quicquid
1090 2559 1251 2611 ubique

85 2632 232 2673 Officit
263 2632 457 2672 evitare?
519 2630 685 2670 Bonam
722 2629 957 2681 deperdere
989 2628 1161 2675 famam,

1532 132 1577 171 3¹

1550 863 1590 893 35

1551 1206 1593 1236 40

1559 2232 1598 2262 55

1557 2564 1599 2593 (κ)

129 2754 177 2786 26.
202 2756 367 2786 facetus:
398 2755 423 2785 it
448 2754 474 2785 is
501 2753 551 2784 his
583 2753 655 2784 idea
686 2752 723 2783 of
749 2752 814 2782 ele·
871 2751 1019 2790 lozenges
1042 2754 1150 2780 meant
1174 2754 1208 2779 to
1234 2748 1377 2789 persume
1401 2746 1455 2776 the
1478 2744 1598 2791 breatlj.

83 2808 193 2838 gance·
871 2795 941 2824 The
958 2794 1022 2824 line
1039 2794 1066 2823 is
1083 2792 1201 2832 quoted
1220 2792 1250 2821 in
1272 2801 1296 2820 1.
1311 2801 1339 2829 4.
1358 2799 1395 2829 92
1416 2799 1450 2818 as
1467 2799 1485 2818 a
1501 2797 1600 2827 speci-

131 2847 178 2881 27.
202 2843 386 2880 pastillos,
417 2840 498 2873 dim.
538 2839 574 2871 os
609 2836 743 2881 ‘panis,'
783 2838 820 2869 of
871 2847 942 2868 men
961 2837 998 2867 of
1012 2835 1168 2866 Horace's
1185 2833 1330 2875 personal
1347 2833 1450 2862 satire.
