1821 3089
578 132 695 174 LIB.
731 134 760 175 I.
823 134 957 177 SAT.
991 147 1029 178 2.
1509 155 1561 194 33

47 244 200 286 Altera
231 243 290 284 nil
321 244 496 286 obstat:
531 245 631 286 Cois
663 246 741 287 tibi
774 262 911 301 paene
941 249 1085 290 videre
1116 257 1180 291 cst

50 314 112 354 Ut
142 314 316 362 nudam,
348 327 402 354 ne
434 327 554 354 crure
587 315 714 364 malo,
746 329 801 356 ne
833 317 887 357 sit
919 318 1030 370 pede
1060 318 1204 372 turpi;

48 381 193 422 Metiri
226 382 366 433 possis
398 382 525 423 oculo
557 382 682 424 latus.
744 383 819 424 An
852 385 933 425 tibi
965 387 1101 426 mavis

48 450 229 490 Insidias
261 449 350 490 fieri
382 451 657 504 pretiumque
688 452 865 492 avellier
894 459 997 494 ante

46 518 189 571 Quam
223 532 427 571 mercem„
441 520 643 560 ostendi?
685 520 931 573 ‘Leporem
963 528 1147 563 venator
1179 529 1225 564 ut
1257 524 1346 565 alta
1503 544 1560 574 105

49 587 97 626 In
127 587 223 627 nive
253 593 452 637 sectetur,
484 588 678 640 positum
710 589 771 630 sic
802 596 979 643 tangere
1011 590 1146 641 nolit,'

47 654 204 695 Cantat
235 662 277 695 et
309 657 515 709 apponit:
549 660 557 676 ‘
577 657 704 697 Meus
736 664 800 698 est
831 672 954 699 amor
984 659 1084 701 huic
1116 659 1294 712 similis;
1327 675 1426 703 nam

45 722 300 765 Transvolat
337 724 378 764 in
412 725 554 766 medio
586 726 728 778 posita
760 733 804 767 et
835 726 1045 780 fugientia
1078 728 1251 783 captat.'

47 791 222 832 Hiscine
252 793 474 835 versiculis
506 808 653 846 speras
684 794 763 835 tibi
795 808 923 848 posse
954 796 1127 838 dolores

45 859 195 912 Atque
225 867 371 902 aestus
403 875 614 915 curasque
643 876 796 915 graves
828 877 851 904 e
882 871 1060 918 pectore
1091 866 1222 919 pelli?
1501 886 1561 907 110

46 929 202 970 Nonne
234 930 507 983 cupidinibus
540 938 705 973 statuat
736 939 890 974 natura
925 934 1105 975 modum
1138 949 1279 988 quem,

46 997 160 1051 Quid
194 998 334 1039 latura
366 1000 447 1040 sibi
478 1001 582 1052 quid
614 1001 670 1041 sit
702 1001 891 1043 dolitura
922 1009 1142 1056 negatum,

45 1066 261 1119 Quaerere
292 1067 389 1121 plus
420 1069 598 1122 prodest
631 1076 673 1110 et
706 1070 834 1111 inane
866 1071 1119 1113 abscindere
1149 1072 1301 1114 soldo?

46 1135 162 1175 Num
196 1136 276 1176 tibi
309 1150 407 1177 cum
439 1137 582 1179 fauces
614 1138 698 1179 urit
729 1139 822 1180 sitis
854 1153 984 1181 aurea
1015 1141 1185 1194 quaeris

46 1203 236 1245 Pocula?
268 1219 372 1245 num
405 1206 596 1247 esuriens
627 1207 793 1249 fastidis
824 1209 971 1249 omnia
1002 1216 1174 1263 praeter
1502 1229 1560 1260 115

47 1271 262 1313 Pavonem
296 1274 646 1328 rhombumque?
701 1276 895 1318 Tument
926 1278 1006 1319 tibi
1039 1292 1136 1319 cum
1170 1279 1356 1333 inguina,
1393 1293 1496 1320 num
1530 1281 1562 1319 si

43 1340 216 1383 Ancilla
246 1349 322 1384 aut
352 1357 484 1384 verna
516 1350 580 1385 est
611 1352 783 1397 praesto
815 1360 922 1400 puer
955 1346 1143 1401 impetus
1175 1349 1217 1388 in
1249 1362 1378 1402 quem

49 1409 267 1451 Continuo
300 1411 376 1452 fiat
408 1412 534 1453 malis
565 1414 777 1468 tentigine
809 1414 979 1468 rumpi?

45 1478 146 1518 Non
177 1493 284 1532 ego:
316 1494 506 1533 namque
537 1483 776 1535 parabilem
809 1497 909 1524 amo
941 1497 1145 1525 venerem
1176 1485 1448 1540 facilemque.

47 1545 182 1597 Illam,
215 1548 344 1589 ‘Post
377 1549 532 1601 paulo‚'
566 1550 682 1592 ‘Sed
716 1551 875 1605 pluris‚'
908 1551 982 1593 ‘Si
1016 1553 1171 1594 exierit
1201 1553 1289 1603 vir,’
1502 1572 1561 1593 120

45 1616 190 1667 Gallis,
222 1618 331 1659 hanc
364 1619 646 1661 Philodemus
677 1622 738 1662 ait
771 1623 852 1662 sibi
885 1637 998 1676 quae
1029 1638 1171 1677 neque
1204 1638 1363 1679 magno

47 1684 144 1727 Stet
176 1688 315 1739 pretio
348 1701 488 1740 neque
520 1697 747 1731 cunctetur
779 1705 878 1731 cum
911 1699 977 1733 est
1011 1692 1125 1733 iussa
1155 1694 1313 1734 venire.

47 1753 241 1795 Candida
274 1762 477 1809 rectaque
508 1757 588 1806 sit3
622 1760 784 1800 munda
816 1759 1025 1801 hactenus
1058 1768 1105 1802 ut
1137 1775 1277 1815 neque
1309 1762 1438 1815 longa

47 1822 139 1864 Nec
170 1824 309 1877 magis
341 1825 441 1866 alba
471 1826 577 1866 velit
608 1840 740 1879 quam
773 1829 850 1869 dat
882 1836 1035 1870 natura
1061 1830 1211 1870 videri.

47 1890 169 1932 Haec
199 1893 272 1933 ubi
304 1894 534 1947 supposuit
566 1896 725 1937 dextro
758 1910 914 1950 corpus
947 1898 1052 1938 mihi
1083 1898 1256 1939 laevum
1503 1915 1560 1945 125

46 1958 126 2000 Ilia
156 1966 199 2001 et
230 1961 393 2015 Egeria
424 1970 512 2003 est:
546 1965 604 2005 do
636 1979 793 2006 nomen
825 1966 1051 2019 quodlibet
1083 1967 1154 2017 illi,

44 2028 137 2070 Nec
167 2043 317 2071 vereor
347 2044 401 2072 ne
432 2032 538 2073 dum
570 2032 694 2074 futuo
726 2035 790 2074 vir
822 2049 918 2076 rure
950 2041 1149 2085 recurrat,

45 2096 179 2138 Ianua
210 2097 441 2152 frangatur,
473 2099 602 2141 latret
633 2102 761 2152 canis,
794 2103 984 2156 undique
1017 2117 1176 2156 magno

46 2163 172 2206 Pulsa
202 2167 357 2208 domus
389 2169 573 2222 strepitu
604 2177 790 2220 resonet,
820 2171 1036 2226 vepallida
1069 2172 1183 2213 lecto

46 2233 229 2276 Desiliat
262 2236 423 2287 mulier,
456 2238 656 2279 miseram
689 2254 735 2280 se
766 2241 938 2281 conscia
970 2240 1140 2290 clamet,
1503 2256 1561 2286 130

48 2301 253 2344 Cruribus
284 2305 392 2346 haec
426 2312 604 2358 metuat,
636 2309 729 2348 doti
762 2310 986 2361 deprensa,
1019 2315 1195 2362 egomet
1227 2309 1299 2349 mi.

46 2369 269 2413 Discincta
299 2375 445 2416 tunica
477 2375 732 2429 fugiendum
766 2384 829 2418 est
857 2391 907 2418 ac
939 2379 1051 2430 pede
1082 2378 1211 2427 nudo,

47 2438 115 2479 Ne
145 2443 310 2482 nummi
341 2451 520 2496 percant
552 2452 628 2486 aut
659 2459 775 2498 puga
807 2453 882 2487 aut
915 2447 1101 2499 denique
1132 2447 1260 2487 fama.

47 2506 265 2561 Deprendi
298 2512 501 2553 miserum
533 2520 626 2562 est3
660 2515 799 2555 Fabio
829 2515 896 2556 vel
930 2516 1068 2555 iudice
1100 2515 1283 2556 vincam.

102 2913 207 2946 VOL.
234 2916 281 2947 11.
815 2919 849 2951 D
