1821 3089
619 145 736 185 LIB.
773 144 832 185 ΙΙ.

894 143 1029 186 SAT.
1062 157 1099 198 3.

97 258 270 299 Dicitur
302 272 360 299 ex
395 258 510 299 collo
542 257 687 298 furtim
721 258 931 311 carpsisse
962 271 1156 307 coronas,

96 327 335 380 Postquam
368 334 433 368 est
465 328 674 380 impransi
707 334 932 379 correptus
963 342 1070 368 voce
1102 327 1329 381 magistri?

96 396 282 449 Pol-rigis
315 396 425 436 irato
457 410 591 448 puero
623 409 721 436 cum
754 410 886 449 poma
918 403 1116 437 recusat:

95 468 104 484 ‘
123 464 270 514 Sume,
294 463 502 505 catelle1'
544 471 701 518 negat:
744 464 778 504 si
812 478 897 504 non
929 465 1018 514 des,
1050 470 1204 517 optet:
1246 470 1418 504 amator

96 532 315 573 Exclusus
347 533 421 585 qui
452 533 596 582 distat,
629 533 721 585 agit
753 533 827 572 ubi
859 546 1019 582 secum,
1053 540 1123 573 eat
1155 546 1210 572 an
1242 546 1342 582 non,

95 601 197 654 Quo
230 601 443 641 rediturus
474 607 566 641 erat
598 615 684 642 non
715 601 957 648 arcessitus,
989 608 1032 642 et
1064 601 1215 642 haeret

96 669 250 710 Invisis
282 670 475 711 foribus?
517 670 638 710 ‘Nec
671 683 795 719 nunc,
827 683 926 710 cum
960 684 1029 710 me
1059 676 1186 710 vocet
1220 669 1344 720 ultro,

95 737 354 778 Accedam?
395 751 451 778 an
483 739 628 791 potius
663 739 845 778 mediter
877 737 998 779 finire
1029 738 1236 779 dolores?

97 805 329 857 Exclusit3
371 813 573 847 revocat:
616 807 827 847 redeam?

96 874 255 916 Servus
288 888 374 915 non
406 875 538 929 paulo
564 876 826 929 sapientior:
867 880 875 896 ‘
897 875 936 917 O
969 875 1083 926 here,
1116 890 1228 928 quae
1260 889 1327 916 res

93 1012 293 1053 Tractari
325 1026 411 1052 non
441 1012 550 1053 volt.

95 1081 188 1121 Pax
221 1095 420 1122 rursum:
462 1082 570 1122 haec
596 1082 630 1122 si
663 1083 759 1134 quis
791 1083 1066 1136 tempestatis
1097 1096 1233 1136 prope
1264 1083 1346 1124 ritu

95 1149 278 1190 Mobilia
309 1156 351 1190 et
383 1164 510 1192 caeca
541 1151 756 1191 fluitantia
786 1158 901 1192 sorte
932 1150 1103 1192 laboret

1554 540 1618 571 260

889 807 993 847 Non
1023 807 1059 847 si
1092 805 1318 848 obsecret.’
1381 807 1498 848 Ecce

1556 884 1617 925 265

95 944 190 984 Nec
222 945 403 984 modum
434 944 568 984 habet
600 958 739 997 neque
772 945 999 985 consilium
1033 945 1200 985 ratione
1232 945 1454 998 modoque

615 1013 666 1053 In
699 1027 847 1053 amore
878 1014 984 1054 haec
1016 1020 1116 1054 sunt
1149 1014 1276 1063 mala,
1307 1014 1483 1064 bellum,

1556 1234 1618 1269 270

95 1219 300 1260 Reddere
332 1227 450 1260 certa
480 1220 575 1268 sibi,
608 1219 743 1260 nihilo
776 1220 873 1273 plus
906 1220 1097 1274 explicet
1128 1234 1178 1261 ac
1209 1220 1244 1261 si

95 1287 287 1328 Insanire
318 1295 442 1341 paret
474 1295 590 1329 certa
622 1289 792 1329 ratione
823 1287 1069 1342 modoque.’

97 1356 230 1410 Quid,
262 1370 361 1398 cum
396 1357 565 1398 Picenis
598 1372 838 1412 excerpens
869 1359 1037 1400 semina
1068 1358 1210 1412 pomis

95 1491 126 1517 et
143 1486 263 1542 soealia
281 1510 287 1516 .
306 1510 313 1516 .
332 1510 338 1516 .
357 1487 428 1518 sola
450 1497 602 1518 excusare
618 1492 726 1529 potest
743 1487 829 1519 vale-

91 1530 182 1561 tudo.

140 1572 210 1613 256.
234 1583 399 1605 coronas.
445 1574 511 1605 For
526 1574 565 1605 he
582 1585 648 1605 was
665 1575 829 1616 returning

92 1616 176 1647 from
192 1628 211 1647 a
226 1617 312 1648 revel
325 1617 418 1647 when
434 1618 487 1649 the
506 1617 645 1649 incident
663 1620 826 1650 occurred.

141 1668 211 1700 257.
240 1662 443 1696 impransi:
489 1671 540 1702 cp.
579 1661 645 1693 Sat.
678 1672 704 1692 2.
737 1671 763 1693 2.
792 1670 829 1703 73

94 1704 103 1720 ‘
114 1703 181 1734 still
198 1702 338 1744 fasting.’

140 1748 200 1787 258
221 1747 290 1777 foll.
336 1747 408 1778 The
425 1747 516 1778 lover
532 1748 558 1778 is
573 1747 640 1779 like
656 1760 675 1779 a
692 1748 781 1780 child
798 1748 830 1779 in

94 1790 144 1821 his
192 1791 457 1832 capriciousness‚
495 1792 640 1833 wanting
676 1792 764 1823 what
803 1793 830 1823 is

94 1834 230 1865 refused.

141 1887 211 1918 259-
230 1880 384 1909 catelle:
410 1888 429 1908 a
451 1882 533 1909 term
556 1879 593 1909 of
610 1878 829 1910 endearment.

95 1920 201 1951 Plaut.
221 1922 311 1951 Asin.
331 1930 359 1960 3.
385 1930 414 1960 3.
442 1931 500 1960 103
532 1922 649 1962 ‘igitur
674 1933 726 1953 me
753 1933 831 1953 ana-

96 1965 246 2002 ticulam,
264 1964 465 2000 columbam,
482 1965 533 1996 vel
552 1964 726 1996 catellum)

141 2007 299 2048 260—271.
326 2008 458 2039 Horace
482 2008 508 2038 is
524 2009 691 2049 recafflng,
709 2009 830 2040 almost

93 2051 250 2091 verbally,
268 2051 324 2082 the
351 2061 444 2082 scene
468 2056 501 2082 at
526 2052 580 2082 the
605 2053 781 2093 beginning
798 2052 835 2083 of

94 2094 148 2125 the
161 2094 334 2125 Eunuchus
346 2094 383 2125 of
391 2095 544 2133 Terence,
555 2095 661 2126 where
670 2096 829 2126 Phaedria

94 2139 124 2169 is
146 2138 304 2178 debating
323 2137 403 2169 with
425 2138 585 2169 Parmeno
617 2139 761 2170 whether
789 2139 829 2169 he

96 2181 179 2212 shall
202 2192 246 2221 go
270 2180 353 2212 back
376 2186 411 2211 to
427 2181 535 2213 Thais,
560 2182 634 2212 who
658 2182 715 2213 has
743 2193 829 2212 surn-

94 2225 214 2255 moned
229 2224 298 2255 him
311 2224 390 2255 after
405 2225 579 2266 excluding
595 2225 662 2255 him
679 2226 761 2256 from
774 2226 831 2256 her

94 2278 257 2309 presence.
304 2268 379 2298 Ter.
394 2268 474 2298 Eun.
490 2274 541 2300 act
562 2278 587 2298 1.
602 2279 645 2299 se.
666 2278 679 2298 1

94 2313 103 2328 ‘
115 2311 177 2343 Ph.
204 2311 291 2352 Quid
307 2311 408 2351 igitur
422 2311 563 2343 faciam?
590 2323 654 2343 non
671 2314 768 2344 eam?
791 2323 831 2344 ne

247 2365 332 2385 nunc
348 2355 479 2395 quidem

183 2398 293 2438 Quom
309 2408 452 2429 arcessor
467 2398 578 2429 ultro?
601 2409 642 2429 an
659 2399 769 2439 potius
786 2399 831 2430 ita

246 2452 298 2472 me
314 2451 512 2482 comparem,

182 2484 260 2515 Non
285 2486 411 2526 perpeti
434 2485 639 2516 meretricum
663 2490 830 2517 contume-

247 2527 333 2558 lias?

183 2571 348 2602 Exclusit:
366 2576 514 2603 revocat:
539 2572 667 2603 redeam
682 2573 692 2602 2
708 2583 783 2610 non,
803 2573 829 2604 si

248 2624 300 2644 me
317 2615 471 2646 obsecret.

97 2658 180 2688 Par.
207 2657 306 2694 Here,
339 2668 422 2698 quae
445 2669 494 2689 res
517 2658 549 2689 in
573 2669 607 2689 se
629 2669 734 2700 neque
754 2669 830 2690 con-

248 2701 357 2731 silium
373 2711 476 2742 neque
493 2702 629 2732 modum

185 2744 295 2774 Habet
326 2744 441 2782 ullum,
468 2755 541 2776 earn
566 2745 704 2776 consilio
721 2756 829 2787 regere

247 2797 312 2817 non
329 2792 432 2828 potes.

183 2830 222 2861 In
237 2840 346 2860 amore
368 2830 448 2862 haec
471 2831 581 2862 omnia
603 2832 712 2864 insunt
728 2832 828 2866 vitia:

247 2872 393 2914 iniuriae,

971 1487 1189 1528 Suspiciones,
1207 1487 1405 1525 inimicitiae,
1424 1487 1584 1526 induciae,

972 1531 1112 1569 Bellum,
1137 1542 1201 1572 pax
1224 1542 1370 1563 rursum:
1396 1531 1517 1564 incerta
1539 1532 1619 1563 haec

1035 1575 1061 1605 si
1077 1580 1111 1606 tu
1129 1575 1275 1616 postules

970 1617 1111 1649 Ratione
1128 1624 1217 1650 certo
1229 1618 1344 1657 facere,
1358 1618 1426 1648 nilo
1439 1618 1512 1658 plus
1526 1629 1616 1658 agas,

971 1662 1079 1702 Quam
1090 1662 1116 1692 si
1127 1662 1183 1692 des
1199 1672 1334 1702 operam
1351 1667 1385 1693 ut
1401 1673 1475 1693 cum
1492 1662 1618 1692 ratione

1034 1703 1199 1736 insanias.’

884 1748 945 1789 Cp.
970 1748 1025 1779 the
1049 1749 1173 1789 picture
1198 1749 1230 1779 in
1252 1748 1359 1789 Epod.
1388 1757 1436 1778 11.

883 1792 1026 1823 ilnitates
1043 1792 1176 1823 Hoiace
1193 1794 1226 1822 in
1245 1803 1273 1832 5.
1298 1791 1351 1822 161
1373 1791 1443 1822 foll.

930 1835 1000 1866 260.
1027 1838 1113 1871 agit.
1162 1836 1228 1866 For
1256 1835 1312 1866 the
1344 1835 1558 1876 lengthening
1585 1836 1623 1866 of

883 1878 955 1919 syll.
973 1889 1025 1910 see
1042 1890 1083 1909 on
1100 1878 1167 1910 Sat.
1192 1889 1218 1910 1.
1236 1889 1266 1918 4.
1285 1880 1335 1909 82.

929 1921 1000 1953 261.
1025 1923 1077 1952 To
1100 1923 1155 1953 the
1179 1922 1273 1963 place
1297 1921 1446 1960 whither‚
1464 1922 1557 1953 when
1578 1922 1618 1953 he

881 1976 949 1996 was
980 1970 1037 1996 not
1068 1966 1200 2005 invited,
1232 1965 1274 1996 he
1304 1976 1369 1996 was
1399 1966 1552 2006 meaning
1583 1969 1618 1996 to

881 2014 997 2040 return.

928 2051 998 2082 262.
1024 2054 1158 2082 invisis
1171 2054 1330 2083 foribus:
1351 2052 1406 2082 ‘ad
1418 2062 1482 2082 non
1495 2052 1620 2083 amicos

881 2095 943 2126 heu
958 2098 963 2126 ἔ
996 2096 1077 2126 mihi
1095 2100 1204 2136 postes
1220 2101 1251 2127 et
1267 2096 1348 2127 heu!
1374 2095 1505 2126 Limina
1516 2096 1596 2127 dura
1611 2094 1619 2108 ²

881 2139 987 2179 Epod.
1010 2148 1057 2169 11.
1077 2147 1126 2177 31.

925 2192 992 2213 neo
1017 2193 1128 2214 nunc.
1174 2182 1246 2213 The
1271 2182 1456 2223 equivalent
1483 2181 1521 2212 of
1540 2182 1618 2212 Ter-

882 2224 986 2256 enee's
1026 2230 1033 2241 ⁵
1047 2236 1087 2256 ne
1127 2236 1212 2257 nunc
1251 2224 1405 2266 quidem.’
1465 2225 1497 2256 It
1532 2230 1619 2256 must

883 2269 1042 2299 therefore
1066 2269 1106 2299 be
1135 2269 1323 2300 considered
1347 2280 1382 2300 as
1407 2280 1426 2300 a
1449 2268 1553 2309 single
1570 2269 1617 2299 in-

882 2317 990 2343 stance
1006 2313 1037 2342 in
1058 2312 1188 2344 Horace
1205 2312 1243 2343 os
1254 2313 1308 2343 the
1327 2323 1383 2344 use
1400 2313 1455 2343 of‘
1471 2313 1552 2350 nec,’
1569 2312 1619 2343 for

883 2357 890 2371 ‘
906 2356 1118 2396 ne-quidem‚’
1143 2356 1250 2387 which
1274 2356 1406 2387 became
1432 2356 1619 2387 afterwards

882 2399 1091 2430 established.
1139 2400 1198 2430 See
1216 2400 1327 2430 Madv.
1346 2410 1387 2430 on
1405 2399 1475 2430 Cic.
1491 2399 1531 2430 de
1546 2400 1617 2429 Fin.

886 2451 912 2472 Ι.
930 2451 977 2472 11.
999 2452 1048 2482 39,
1066 2443 1130 2473 and
1147 2453 1267 2473 excurs.
1285 2443 1329 2473 iii.
1363 2443 1466 2473 Bentl.
1485 2442 1618 2473 defends

883 2487 891 2501 ‘
904 2496 1043 2516 ne-nunc
1056 2484 1063 2498 ’
1083 2486 1129 2526 (in
1143 2486 1197 2516 the
1210 2497 1299 2517 same
1310 2486 1428 2527 sense),
1441 2486 1547 2516 which
1560 2486 1618 2516 has

882 2529 946 2560 less
977 2534 1111 2570 support
1142 2529 1174 2559 in
1206 2529 1260 2561 the
1286 2529 1394 2569 MSS,
1419 2530 1483 2560 and
1509 2529 1617 2560 which

882 2572 994 2603 Madv.
1012 2574 1118 2603 shows
1134 2577 1168 2604 to
1185 2573 1225 2603 be
1240 2583 1363 2612 wrong.

927 2614 997 2654 265.
1023 2625 1172 2647 servus:
1198 2616 1366 2647 Parmeno.

927 2658 998 2689 268.
1023 2662 1258 2695 tempestatis
1283 2662 1371 2690 ritu.
1419 2658 1482 2689 Od.
1510 2667 1538 2697 3.
1565 2668 1615 2698 29.

882 2710 921 2741 33
933 2704 940 2718 ‘
955 2702 1070 2733 Cetera
1080 2702 1221 2733 fluminis
1239 2703 1316 2733 Ritu
1327 2702 1470 2733 feruntur
1482 2701 1509 2739 ';
1526 2704 1533 2718 ‘
1546 2712 1582 2733 as
1597 2712 1617 2732 a

881 2751 981 2776 storm
997 2747 1075 2776 rises
1090 2746 1154 2776 and
1166 2746 1242 2777 falls
1257 2744 1378 2786 again.'

927 2796 999 2829 270.
1024 2791 1207 2825 explicet:
1255 2791 1263 2806 ‘
1281 2788 1506 2829 disentangle,’

881 2832 962 2863 duce
978 2837 1012 2863 to
1029 2830 1143 2863 order.'

928 2883 1001 2917 272.
1026 2877 1118 2913 quid
1147 2886 1249 2907 cum:
1286 2874 1354 2907 Sat.
1379 2884 1405 2906 2.
1426 2882 1452 2905 1.
1470 2872 1524 2914 62,
1549 2873 1616 2905 like

1491 1749 1619 1780 Persius

1546 2788 1555 2804 ‘
1569 2798 1615 2819 re-
